<record><leader>00000cas a22000007a 4500</leader><controlfield tag="001">20501534</controlfield><controlfield tag="008">891017c19149999aruwr ne      0    0eng d</controlfield><datafield ind1=" " ind2=" " tag="010"><subfield code="a">sn 89051397 </subfield></datafield><datafield ind1=" " ind2=" " tag="040"><subfield code="a">ANU</subfield><subfield code="b">eng</subfield><subfield code="c">ANU</subfield><subfield code="d">OCLCQ</subfield></datafield><datafield ind1=" " ind2=" " tag="042"><subfield code="a">msc</subfield></datafield><datafield ind1="0" ind2=" " tag="130"><subfield code="a">Lonoke Democrat (Lonoke, Ark. : 1914)</subfield></datafield><datafield ind1="1" ind2="4" tag="245"><subfield code="a">The Lonoke Democrat.</subfield></datafield><datafield ind1="1" ind2="7" tag="246"><subfield code="a">Lonoke weekly Democrat</subfield></datafield><datafield ind1=" " ind2=" " tag="260"><subfield code="a">Lonoke, Lonoke County, Ark. :</subfield><subfield code="b">J.L. Matthews</subfield></datafield><datafield ind1=" " ind2=" " tag="300"><subfield code="a">v.</subfield></datafield><datafield ind1=" " ind2=" " tag="310"><subfield code="a">Weekly</subfield></datafield><datafield ind1="0" ind2=" " tag="362"><subfield code="a">Vol. 43, no. 20 (Dec. 7, 1914)-v. 50, no. 12 (Oct. 20, 1921) ; 51st year, no. 13 (Oct. 27, 1921)-</subfield></datafield><datafield ind1=" " ind2="4" tag="651"><subfield code="a">Lonoke (Ark.)</subfield><subfield code="v">Newspapers.</subfield></datafield><datafield ind1=" " ind2=" " tag="752"><subfield code="a">United States</subfield><subfield code="b">Arkansas</subfield><subfield code="c">Lonoke</subfield><subfield code="d">Lonoke.</subfield></datafield><datafield ind1="0" ind2="0" tag="780"><subfield code="t">Lonoke weekly Democrat (Lonoke, Ark. : 1913)</subfield><subfield code="w">(DLC)sn 89051395</subfield></datafield></record>